<?xml version="1.0" encoding="UTF-8"?>
<!-- Mit XMLSpy v2008 rel. 2 sp2 (http://www.altova.com) von benutzerservice benutzerservice (SIZ GmbH) bearbeitet -->
<Document xmlns="urn:iso:std:iso:20022:tech:xsd:pain.001.001.03" xmlns:xsi="http://www.w3.org/2001/XMLSchema-instance" xsi:schemaLocation="urn:iso:std:iso:20022:tech:xsd:pain.001.001.03 pain.001.001.03.xsd">
  <CstmrCdtTrfInitn>
    <GrpHdr>
      <MsgId>Message-ID-4711</MsgId>
      <CreDtTm>2016-02-14T09:30:47.000Z</CreDtTm>
      <NbOfTxs>2</NbOfTxs>
      <InitgPty>
        <Nm>Initiator Name</Nm>
      </InitgPty>
    </GrpHdr>
    <PmtInf>
      <PmtInfId>Payment-Information-ID-4711</PmtInfId>
      <PmtMtd>TRF</PmtMtd>
      <BtchBookg>true</BtchBookg>
      <NbOfTxs>2</NbOfTxs>
      <CtrlSum>200.00</CtrlSum>
      <ReqdExctnDt>2016-02-14</ReqdExctnDt>
      <Dbtr>
        <Nm>Debtor Name</Nm>
        <PstlAdr>
          <Ctry>SK</Ctry>
        </PstlAdr>
      </Dbtr>
      <DbtrAcct>
        <Id>
          <Othr>
            <Id>2107547929</Id>
          </Othr>
        </Id>
      </DbtrAcct>
      <DbtrAgt>
        <FinInstnId>
          <BIC>BANKDEFFXXX</BIC>
        </FinInstnId>
      </DbtrAgt>
      <ChrgBr>SLEV</ChrgBr>
      <CdtTrfTxInf>
        <PmtId>
          <EndToEndId>OriginatorID1234</EndToEndId>
        </PmtId>
        <Amt>
          <InstdAmt Ccy="USD">99.02</InstdAmt>
        </Amt>
        <CdtrAgt>
          <FinInstnId>
            <BIC>SPUEDE2UXXX</BIC>
          </FinInstnId>
        </CdtrAgt>
        <Cdtr>
          <Nm>Creditor Name</Nm>
		  <PstlAdr>
			<Ctry>SK</Ctry>
		  </PstlAdr>
        </Cdtr>
        <CdtrAcct>
          <Id>
            <Othr>
              <Id>1234567890123</Id>
            </Othr>
          </Id>
        </CdtrAcct>
        <RmtInf>
          <Ustrd>Unstructured Remittance Information</Ustrd>
        </RmtInf>
      </CdtTrfTxInf>
      <CdtTrfTxInf>
        <PmtId>
          <EndToEndId>OriginatorID1235</EndToEndId>
        </PmtId>
        <Amt>
          <InstdAmt Ccy="USD">100.98</InstdAmt>
        </Amt>
        <CdtrAgt>
          <FinInstnId>
            <BIC>SPUEDE2UXXX</BIC>
          </FinInstnId>
        </CdtrAgt>
        <Cdtr>
          <Nm>Other Creditor Name</Nm>
          <PstlAdr>
          <Ctry>SK</Ctry>
          </PstlAdr>
        </Cdtr>
        <CdtrAcct>
          <Id>
            <Othr>
              <Id>1234567890123000</Id>
            </Othr>
          </Id>
        </CdtrAcct>
        <RmtInf>
          <Ustrd>Unstructured Remittance Information</Ustrd>
        </RmtInf>
      </CdtTrfTxInf>
    </PmtInf>
  </CstmrCdtTrfInitn>
</Document>